<?xml version="1.0" encoding="UTF-8"?>
<record xmlns="http://www.loc.gov/MARC21/slim">
   <leader>01058cam a2200325 i 4500</leader>
   <controlfield tag="001">344923</controlfield>
   <controlfield tag="008">810706s1979    onca     b       1  eng d</controlfield>
   <datafield tag="016" ind1=" " ind2=" ">
      <subfield code="a"> 800009622</subfield>
   </datafield>
   <datafield tag="020" ind1=" " ind2=" ">
      <subfield code="b">pa.</subfield>
   </datafield>
   <datafield tag="035" ind1=" " ind2=" ">
      <subfield code="a">ocm07549556</subfield>
   </datafield>
   <datafield tag="039" ind1="0" ind2=" ">
      <subfield code="f">grd</subfield>
   </datafield>
   <datafield tag="040" ind1=" " ind2=" ">
      <subfield code="a">CaOONL</subfield>
      <subfield code="b">eng</subfield>
   </datafield>
   <datafield tag="049" ind1=" " ind2=" ">
      <subfield code="a">aeu</subfield>
      <subfield code="b">eng</subfield>
   </datafield>
   <datafield tag="055" ind1="0" ind2="1">
      <subfield code="a">HV2440</subfield>
   </datafield>
   <datafield tag="082" ind1=" " ind2=" ">
      <subfield code="a">362.4/2/028</subfield>
   </datafield>
   <datafield tag="090" ind1="0" ind2="0">
      <subfield code="a">HV 2440 S42 1979</subfield>
      <subfield code="b">ED</subfield>
   </datafield>
   <datafield tag="100" ind1="1" ind2="0">
      <subfield code="a">Scott, Dorothy,</subfield>
      <subfield code="d">1921-</subfield>
   </datafield>
   <datafield tag="240" ind1="0" ind2="0">
      <subfield code="a">Join in learning to listen // Dorothy Scott ; with Nana Ho.</subfield>
   </datafield>
   <datafield tag="245" ind1="1" ind2="0">
      <subfield code="a">Organization of the government of Alberta 1980</subfield>
      <subfield code="c">Dorothy Scott ; with Nana Ho.</subfield>
   </datafield>
   <datafield tag="260" ind1="0" ind2=" ">
      <subfield code="a">Toronto :</subfield>
      <subfield code="b">Voice for Hearing Impaired Children,</subfield>
      <subfield code="c">c1979.</subfield>
   </datafield>
   <datafield tag="265" ind1=" " ind2=" ">
      <subfield code="a">Voice for Hearing Impaired Children, P.O. Box 152, Station S, Toronto, Ont. M5M 4L7</subfield>
   </datafield>
   <datafield tag="300" ind1=" " ind2=" ">
      <subfield code="a">93 p. :</subfield>
      <subfield code="b">ill. ;</subfield>
      <subfield code="c">22 cm.</subfield>
   </datafield>
   <datafield tag="500" ind1=" " ind2=" ">
      <subfield code="a">On cover:  For hearing impaired teenagers and adults.</subfield>
   </datafield>
   <datafield tag="504" ind1=" " ind2=" ">
      <subfield code="a">Includes bibliographical references.</subfield>
   </datafield>
   <datafield tag="596" ind1=" " ind2=" ">
      <subfield code="a">38</subfield>
   </datafield>
   <datafield tag="650" ind1=" " ind2="0">
      <subfield code="a">Deaf</subfield>
      <subfield code="x">Rehabilitation</subfield>
   </datafield>
   <datafield tag="650" ind1=" " ind2="0">
      <subfield code="a">Deaf</subfield>
      <subfield code="x">Means of communication</subfield>
   </datafield>
   <datafield tag="650" ind1=" " ind2="0">
      <subfield code="a">Auditory perception</subfield>
   </datafield>
   <datafield tag="700" ind1="1" ind2="0">
      <subfield code="a">Ho, Nana</subfield>
   </datafield>
   <datafield tag="710" ind1="2" ind2="0">
      <subfield code="a">Voice for Hearing Impaired Children</subfield>
   </datafield>
   <datafield tag="926" ind1=" " ind2=" ">
      <subfield code="a">UABARD</subfield>
      <subfield code="b">ON_SHELF</subfield>
      <subfield code="c">HV 2440 S42 1979</subfield>
      <subfield code="d">BOOK</subfield>
      <subfield code="f">1</subfield>
   </datafield>
</record>
